0000030031272505        00048462  VANHERCK ANNIE            KREDBEBB   00424531287 00000                                       2
12037BE17733337733721                  EUR0000000013288230290312MS-LIGA-VLAANDEREN VZW    KBC-Bedrijfsrekening               009
2100010000OL1050P8WBSCTOVSOVERS0000000000040000300312001500000GIFT 2012                                            30031203701 0
2200010000                                                                                        KREDBEBB                   1 0
2300010000BE53408801500153                     COUTEAU-SOETEWEY HUBERT & JEANNINE                                            0 1
3100010001OL1050P8WBSCTOVSOVERS001500001001COUTEAU-SOETEWEY HUBERT & JEANNINE                                                1 0
3200010001TER VOORTLAAN 38                   2650    EDEGEM                                                                  0 0
2100020000OL4433YM9BSCTOVSOVERS0000000000100000300312001500000GIFT                                                 30031203701 0
2200020000                                                                                        KREDBEBB                   1 0
2300020000BE36411806330181                     BORGINON-EX ALFONS & KRISTIN                                                  0 1
3100020001OL4433YM9BSCTOVSOVERS001500001001BORGINON-EX ALFONS & KRISTIN                                                      1 0
3200020001VELDEKENS 6                        2600    BERCHEM (ANTWERPEN)                                                     0 0
2100030000OL4468LOGBSCTOVSOVERS0000000000050000300312001500000GIFT                                                 30031203701 0
2200030000                                                                                        KREDBEBB                   1 0
2300030000BE14735025685483                     JENNES IVO                                                                    0 1
3100030001OL4468LOGBSCTOVSOVERS001500001001JENNES IVO                                                                        1 0
3200030001VINKSTRAAT 15                      3950    BOCHOLT                                                                 0 0
2100040000OL4475ZJMBSCTOVSOVERS0000000000040000300312001500000GIFT                                                 30031203701 0
2200040000                                                                                        KREDBEBB                   1 0
2300040000BE26425616758129                     GONDRY-CASPERS ROBERT & ARIANE                                                0 1
3100040001OL4475ZJMBSCTOVSOVERS001500001001GONDRY-CASPERS ROBERT & ARIANE                                                    1 0
3200040001LANGE HAAGSTRAAT 109               1700    DILBEEK                                                                 0 0
2100050000BGAU01117BSCTOOLOVERS0000000000040000300312001500000GIFT                                                 30031203701 0
2200050000                                                                                        KREDBEBB                   1 0
2300050000BE39454202754119                     CONINX-SCHROOTEN P & M                                                        0 1
3100050001BGAU01117BSCTOOLOVERS001500001001CONINX-SCHROOTEN P & M                                                            1 0
3200050001LIJSTERBESSENLAAN 10               3990    WIJCHMAAL                                                               0 0
2100060000BGHP12030BSCTBBEONTVA0000000000040000300312001500000GIFT                                                 30031203701 0
2200060000                                                     NOTPROVIDED                        ARSPBE22                   1 0
2300060000BE92979371017123                     DE BOECK WILLY                                                                0 1
3100060001BGHP12030BSCTBBEONTVA001500001001DE BOECK WILLY                                                                    1 0
320006000161 MELKWEIDE                       9030 MARIAKERKE                                                                 0 0
2100070000BGHP12031BSCTBBEONTVA0000000000040000300312001500000GIFT                                                 30031203701 0
2200070000                                                     NOTPROVIDED                        ARSPBE22                   1 0
2300070000BE30979548302811                     VELDEMAN SOFIE                                                                0 1
3100070001BGHP12031BSCTBBEONTVA001500001001VELDEMAN SOFIE                                                                    1 0
320007000148 LINDENSESTRAAT                  3010 KESSEL-LO (LEUVEN)                                                         0 0
2100080000BGHP12032BSCTBBEONTVA0000000000040000300312001500000GIFT                                                 30031203701 0
2200080000                                                     NOTPROVIDED                        GEBABEBB                   1 0
2300080000BE84001417787059                     DECAVELE-VERSCHAEVE                                                           0 1
3100080001BGHP12032BSCTBBEONTVA001500001001DECAVELE-VERSCHAEVE                                                               1 0
3200080001GROTE IEPERSTRAAT 52               8560     GULLEGEM                                                               0 0
2100090000BGHP12033BSCTBBEONTVA0000000000100000300312001500000GIFT                                                 30031203701 0
2200090000                                                     NOTPROVIDED                        BBRUBEBB                   1 0
2300090000BE48384056846027                     DE H FERNAND DEVRIENDT                                                        0 1
3100090001BGHP12033BSCTBBEONTVA001500001001DE H FERNAND DEVRIENDT                                                            1 0
3200090001HARMONIESTRAAT 35 B32              2018        ANTWERPEN                                                           0 0
2100100000BGHP12034BSCTBBEONTVA0000000000100000300312001500000GIFT                                                 30031203701 0
2200100000                                                     NOT PROVIDED                       GEBABEBB                   1 0
2300100000BE25230050543282                     BUSSCHOTS GILBERTE                                                            0 1
3100100001BGHP12034BSCTBBEONTVA001500001001BUSSCHOTS GILBERTE                                                                1 0
3200100001ITEGEMBAAN 38                      2590     BERLAAR                                                                0 0
2100110000BGHP12035BSCTBBEONTVA0000000000040000300312001500000GIFT                                                 30031203701 0
2200110000                                                     NOTPROVIDED                        BPOTBEB1                   1 0
2300110000BE85000101064906                     NOLLET GISELE                                                                 0 1
3100110001BGHP12035BSCTBBEONTVA001500001001NOLLET GISELE                                                                     1 0
3200110001NIEUWSTRAAT, 112                   2840 RUMST                                                                      0 0
2100120000BGHP12036BSCTBBEONTVA0000000000040000300312001500000GIFT                                                 30031203701 0
2200120000                                                     NOTPROVIDED                        BPOTBEB1                   1 0
2300120000BE27000050689873                     MW HELSEN MARIA                                                               0 1
3100120001BGHP12036BSCTBBEONTVA001500001001MW HELSEN MARIA                                                                   1 0
3200120001ANTWERPSSTG, 14/2                  2390 MALLE                                                                      0 0
2100130000BGHP12037BSCTBBEONTVA0000000000040000300312001500000GIFT                                                 30031203701 0
2200130000                                                     NOTPROVIDED                        BPOTBEB1                   1 0
2300130000BE92000045136423                     M MW DE SAEGER-BAEYENS                                                        0 1
3100130001BGHP12037BSCTBBEONTVA001500001001M MW DE SAEGER-BAEYENS                                                            1 0
3200130001LEON BOEREBOOMLAAN, 109            1930 NOSSEGEM                                                                   0 0
2100140000OL44167KGBSCTOVSOVERS0000000000040000300312001500000GIFT                                                 30031203701 0
2200140000                                                                                        KREDBEBB                   1 0
2300140000BE76452913166195                     VANAUDENHOVE PHILIPPE                                                         0 1
3100140001OL44167KGBSCTOVSOVERS001500001001VANAUDENHOVE PHILIPPE                                                             1 0
3200140001OMER VANAUDENHOVELAAN 1            3290    DIEST                                                                   0 0
2100150000BNHZ08347BOVSBBNONTVA0000000000050000300312001500000GIFT                                                 30031203701 0
2300150000001067678087                         MYNY ERIC                                                                     0 1
3100150001BNHZ08347BOVSBBNONTVA001500001001MYNY ERIC                                                                         1 0
3200150001Kokelarestraat 95                  8870   IZEGEM                                                                   0 0
2100160000BNHZ08348BOVSBBNONTVA0000000000040000300312001500000GIFT  -                                              30031203701 0
2300160000001207534812                         BUYSSE-SERE                                                                   0 1
3100160001BNHZ08348BOVSBBNONTVA001500001001BUYSSE-SERE                                                                       1 0
3200160001Stationsstraat 45                  8730   BEERNEM                                                                  0 0
2100170000BOHS02240BSCTOOLOVERS0000000000040000300312001500000GIFT                                                 30031203701 0
2200170000                                                                                        KREDBEBB                   1 0
2300170000BE84414503956159                     HUYBRECHTS FRANCISCUS                                                         0 1
3100170001BOHS02240BSCTOOLOVERS001500001001HUYBRECHTS FRANCISCUS                                                             1 0
3200170001ASTERLAAN 12                       2180    EKEREN (ANTWERPEN)                                                      0 0
2100180000BOHS02241BSCTOOLOVERS0000000000050000300312001500000GIFT                                                 30031203701 0
2200180000                                                                                        KREDBEBB                   1 0
2300180000BE65733315033596                     GIOS FRANS                                                                    0 1
3100180001BOHS02241BSCTOOLOVERS001500001001GIOS FRANS                                                                        1 0
3200180001DE PAEPESTRAAT 67                  2200    HERENTALS                                                               0 0
2100190000OL4426AMMBSCTOVSOVERS0000000000040000300312001500000GIFT                                                 30031203701 0
2200190000                                                                                        KREDBEBB                   1 0
2300190000BE63426112261108                     DUCHATELET-VAN DIJK A & H                                                     0 1
3100190001OL4426AMMBSCTOVSOVERS001500001001DUCHATELET-VAN DIJK A & H                                                         1 0
3200190001KONINGIN FABIOLALAAN 51            1830    MACHELEN (BRABANT)                                                      0 0
2100200000BRSM04384BOVSBBNONTVA0000000000050000300312001500000gift                                                 30031203701 0
2300200000063215937896                         BAETEMAN - BOUCKE                                                             0 1
3100200001BRSM04384BOVSBBNONTVA001500001001BAETEMAN - BOUCKE                                                                 1 0
3200200001VREDESTRAAT             36         8400   OOSTENDE                                                                 0 0
2100210000BVKG10349BSCTBBEONTVA0000000000005000300312001500000GIFT                                                 30031203701 0
2200210000                                                     NOTPROVIDED                        GKCCBEBB                   1 0
2300210000BE37789547362328                     DIERCKX FERDINAND                                                             0 1
3100210001BVKG10349BSCTBBEONTVA001500001001DIERCKX FERDINAND                                                                 1 0
3200210001ACHTERSTRAAT            37         2520  RANST                                                                     0 0
2100220000BVKG10350BSCTBBEONTVA0000000000045000300312001500000GIFT DOOR WILLY VANSTEENKISTE WEINEBRUGGELAAN 40 ST. 30031203701 0
2200220000MICHIELS                                             NOTPROVIDED                        GKCCBEBB                   1 0
2300220000BE51063084392762                     VANSTEENKISTE - VERHAEGHE                                                     0 1
3100220001BVKG10350BSCTBBEONTVA001500001001VANSTEENKISTE - VERHAEGHE                                                         1 0
3200220001WEINEBRUGGELAAN         40         8200  SINT-MICHIELS                                                             0 0
2100230000BVKG10351BSCTBBEONTVA0000000000040000300312001500000GIFT                                                 30031203701 0
2200230000                                                     NOTPROVIDED                        AXABBE22                   1 0
2300230000BE33800207198546                     BALDUCK JAN                                                                   0 1
3100230001BVKG10351BSCTBBEONTVA001500001001BALDUCK JAN                                                                       1 0
3200230001GROTE HEERWEG 141                  8791 BEVEREN (LEIE)                                                             0 0
2100240000BVKG10352BSCTBBEONTVA0000000000040000300312001500000GIFT                                                 30031203701 0
2200240000                                                     NOTPROVIDED                        AXABBE22                   1 0
2300240000BE32800206835202                     VAN HAUTE GODELIEVE                                                           0 1
3100240001BVKG10352BSCTBBEONTVA001500001001VAN HAUTE GODELIEVE                                                               1 0
3200240001ANTWERPSESTEENWEG 1050             9040 SINT-AMANDSBERG                                                            0 0
2100250000BVZI01092BSCTBBEONTVA0000000000200000300312001500000GIFT                                                 30031203701 0
2200250000                                                     NOTPROVIDED                        AXABBE22                   1 0
2300250000BE55750617742844                     BROUWERS ELISA                                                                0 1
3100250001BVZI01092BSCTBBEONTVA001500001001BROUWERS ELISA                                                                    1 0
3200250001KIEVITSTRAAT 17                    2910 ESSEN                                                                      0 0
8037BE17733337733721                  EUR0000000014638230300312                                                                0
9               000124000000000000000000000001350000                                                                           2
